%%%%%%%%% BEGIN ARTICLES

@article{anderson05MMB,
author = {Anderson, A. R. A.},
title = {A hybrid mathematical model of solid tumour invasion: the importance 
of cell adhesion},
journal = {Math. Med. and Biol.},
volume = {22},
number = {2},
pages = {163-186},
year = {2005},
doi = {10.1093/imammb/dqi005},
URL = {http://dx.doi.org/10.1093/imammb/dqi005},
}

@article{beres16IEEEJESTPE, 
author={R. N. Beres and X. Wang and M. Liserre and F. Blaabjerg and C. L. Bak}
, 
journal={IEEE Jour. of Em. and Sel. Top. in Power Elec.}, 
title={A Review of Passive Power Filters for Three-Phase Grid-Connected 
Voltage-Source Converters}, 
year={2016}, 
volume={4}, 
number={1}, 
pages={54-69}, 
doi={10.1109/JESTPE.2015.2507203}, 
ISSN={2168-6777}, 
month={March},
}

@article{bokes18MMB,
author = {Bokes, Pavol and King, John R},
title = {Limit-cycle oscillatory coexpression of cross-inhibitory transcription
factors: a model mechanism for lineage promiscuity},
journal = {Math. Med. and Biol.},
volume = {},
number = {},
pages = {dqy003},
year = {2018},
doi = {10.1093/imammb/dqy003},
URL = {http://dx.doi.org/10.1093/imammb/dqy003},
}

@article{brinks15MMB,
author = {Brinks, R. and Landwehr, S.},
title = {A new relation between prevalence and incidence of a chronic disease},
journal = {Math. Med. and Biol.},
volume = {32},
number = {4},
pages = {425-435},
year = {2015},
doi = {10.1093/imammb/dqu024},
URL = {http://dx.doi.org/10.1093/imammb/dqu024},
}

@article{blavatskyy18MSC,
title = "Oligopolistic price competition with a continuous demand",
author = "P. Blavatskyy"
journal = "Math. Soc. Sci.",
volume = "93",
pages = "123 - 131",
year = "2018",
issn = "0165-4896",
doi = "https://doi.org/10.1016/j.mathsocsci.2018.03.002",
url = "http://www.sciencedirect.com/science/article/pii/S0165489618300192",
}

@article{chou18IEEETAP, 
author={H. T. Chou and P. H. Pathak and Y. Kim and G. Manara}, 
journal={IEEE Trans. on Ant. and Prop.}, 
title={On Two Alternative Uniformly Asymptotic Procedures for Analyzing the High Frequency Diffraction of a Complex Source Beam by a Straight Wedge}, 
year={2018}, 
volume={}, 
number={}, 
pages={1-1}, 
keywords={Antennas;Beams;Diffraction;Electromagnetic scattering;Electromagnetics;Phase change materials;Asymptotic technique;Complex source beam;Diffraction analysis;Electromagnetic theory;Geometrical theory of diffraction;Numerical analysis;Steepest decent method}, 
doi={10.1109/TAP.2018.2826569}, 
ISSN={0018-926X}, 
}

@article{demitras18IEEEJSTQE, 
author={M. Demirtas and C. Odaci and N. Kosku Perkgoz and C. Sevik and F. Ay}, 
journal={IEEE Jour. of Sel. Top. in Quan. Elec.}, 
title={Low Loss Atomic Layer Deposited Al$_{2}$O$_{3}$ Waveguides for
Applications in On-chip Optical Amplifiers},
year={2018}, 
volume={}, 
number={}, 
pages={1-1}, 
doi={10.1109/JSTQE.2018.2825880}, 
ISSN={1077-260X}, 
month={},}

@article{dzvonkovskaya18IEEEAESM, 
author={A. Dzvonkovskaya}, 
journal={IEEE Aerospace and Elec. Sys. Mag.}, 
title={HF surface wave radar for tsunami alerting: from system concept and 
simulations to integration into early warning systems}, 
year={2018}, 
volume={33}, 
number={3}, 
pages={48-58}, 
keywords={High frequency radar;Radar antennas;Sea surface;Spaceborne 
radar;Surface waves;Tsunami}, 
doi={10.1109/MAES.2018.160267}, 
ISSN={0885-8985}, 
}

@article{fromhold17cyberSC,
title={Cyber-Physical Systems in Smart Cities-Mastering Technological, 
Economic, and Social Challenges},
author={Fromhold-Eisebith, M.},
journal={Smart Cities},
pages={1--22},
year={2017},
publisher={Wiley Online Library}
}

@article{gokhan18JMS,
author = {Gökhan-Koçer, G.},
title = {Measuring the strength of trade unions and identifying the privileged
groups: A two-dimensional approach and its implementation},
journal = {The Journal of Mathematical Sociology},
volume = {0},
number = {0},
pages = {1-31},
year  = {2018},
publisher = {Routledge},
doi = {10.1080/0022250X.2018.1449110},
URL = {https://doi.org/10.1080/0022250X.2018.1449110},
}

@article{kang18BJMSP,
title={A note on monotonicity of item response functions for ordered
polytomous item response theory models},
author={Kang, H.-A. and Su, Y.-H. and Chang, H.-H.},
journal={Brit. Jour. of Math. and Stat. Psyc.},
year={2018},
publisher={Wiley Online Library}
}

@article{korobeinikov05MMB,
author = {Korobeinikov, A. and Maini, P. K.},
title = {Non-linear incidence and stability of infectious disease models},
journal = {Math. Med. and Biol.},
volume = {22},
number = {2},
pages = {113-128},
year = {2005},
doi = {10.1093/imammb/dqi001},
URL = {http://dx.doi.org/10.1093/imammb/dqi001},
}

@article{lindsay17GEB,
title = "Shapley value based pricing for auctions and exchanges",
author = "L. Lindsay",
journal = "Gam and Ec. Behavior",
year = "2017",
issn = "0899-8256",
doi = "https://doi.org/10.1016/j.geb.2017.10.020",
url = "http://www.sciencedirect.com/science/article/pii/S0899825617301926",
}

@article{liu18BJMSP,
title={Information matrix estimation procedures for cognitive diagnostic
models},
author={Liu, Y. and Xin and Tao and Andersson, B. and Tian, W.},
journal={Brit. Jour. of Math. and Stat. Psyc.},
year={2018},
publisher={Wiley Online Library}
}

@article{lo17IEEETBCS, 
author={Y. K. Lo and Y. C. Kuan and S. Culaclii and B. Kim and P. M. Wang and
C. W. Chang and J. A. Massachi and M. Zhu and K. Chen and P. Gad and V. R.
Edgerton and W. Liu},
journal={IEEE Tran. on Biomedical Circ. and Sys.}, 
title={A Fully Integrated Wireless SoC for Motor Function Recovery After 
Spinal Cord Injury}, 
year={2017}, 
volume={11}, 
number={3}, 
pages={497-509}, 
doi={10.1109/TBCAS.2017.2679441}, 
ISSN={1932-4545}, 
}

@article{mcginty15MMB,
author = {McGinty, S. and McKee, S. and McCormick, C. and Wheel, M.},
title = {Release mechanism and parameter estimation in drug-eluting stent 
systems: analytical solutions of drug release and tissue transport},
journal = {Math. Med. and Biol.},
volume = {32},
number = {2},
pages = {163-186},
year = {2015},
doi = {10.1093/imammb/dqt025},
URL = {http://dx.doi.org/10.1093/imammb/dqt025},
}

@article{moberg12MSS,
title = "EP seats: The politics behind the math",
author = "Moberg, A."
journal = "Math. Soc. Sci.",
volume = "63",
number = "2",
pages = "78 - 84",
year = "2012",
note = "Around the Cambridge Compromise: Apportionment in Theory and Practice",
issn = "0165-4896",
doi = "https://doi.org/10.1016/j.mathsocsci.2011.10.011",
url = "http://www.sciencedirect.com/science/article/pii/S0165489611001211",
}

@article{taylorking18MMB,
author = {Taylor–King, J. P. and Baratchart, E. and Dhawan, A. and 
Coker, E. A and Rye, I. H. and Russnes, H. and C. S. J.
and Basanta, D. and Marusyk, A.},
title = {Simulated ablation for detection of cells impacting paracrine 
signalling in histology analysis},
journal = {Math. Med. and Biol.},
volume = {},
number = {},
pages = {dqx022},
year = {2018},
doi = {10.1093/imammb/dqx022},
URL = {http://dx.doi.org/10.1093/imammb/dqx022},
}

@article{xie17IEEEPJ, 
author={E. Xie and M. Stonehouse and R. Ferreira and J. J. D. McKendry and J.
Herrnsdorf and X. He and S. Rajbhandari and H. Chun and A. V. N. Jalajakumari
and O. Almer and G. Faulkner and I. M. Watson and E. Gu and R. Henderson and D.
O’Brien and M. D. Dawson},
journal={IEEE Phot. Jour.}, 
title={Design, Fabrication, and Application of GaN-Based Micro-LED Arrays With 
Individual Addressing by N-Electrodes}, 
year={2017}, 
volume={9}, 
number={6}, 
pages={1-11}, 
doi={10.1109/JPHOT.2017.2768478}, 
ISSN={}, 
month={Dec},
}

@article{yokote17GEB,
title = "The balanced contributions property for equal contributors",
author = "K. Yokote and T. Kongo and Y. Funaki",
journal = "Gam. and Ec. Behavior",
year = "2017",
issn = "0899-8256",
doi = "https://doi.org/10.1016/j.geb.2017.08.007",
url = "http://www.sciencedirect.com/science/article/pii/S0899825617301410",
}

@article{zapata16PSSB,
title={Nonlinear optical responses in hydrogenated graphene structures},
author={Zapata-Pe\~na, R. and Anderson, S. M. and Mendoza, B. S. 
and Shkrebtii, A. I.},
journal={Phys. Stat. Sol. (b)},
volume={253},
number={2},
pages={408--408},
year={2016},
publisher={Wiley Online Library}
}

@article{zapata17PRB,
title={Pure spin current injection in hydrogenated graphene structures},
author={Zapata-Pe\~na, R. and Mendoza, B. S. and Shkrebtii,
A. I.},
journal={Phys. Rev. B},
volume={96},
number={19},
pages={195415},
year={2017},
publisher={APS}
}
%%%%%%%%% END ARTICLES
%%%%%%%%%%%%%%%%%%%%%%%%%%%%%%%%%%%%%%%%%%%%%%%%%%%%%%%%%%%%%%%%%%%%%%%%%%%%
%%%%%%%%%%%%%%%%%%%%%%%%%%%%%%%%%%%%%%%%%%%%%%%%%%%%%%%%%%%%%%%%%%%%%%%%%%%%

@inproceedings{shkrebti17AST,
title={Graphene-Boron Nitride 2D Heterosystems Functionalized with Hydrogen:
Structure, Vibrations, Optical Response, Electron Band Engineering and
Bonding},
author={Shkrebtii, Anatoli I and Wilk, Benjamin and Minnings, Robert and
Zapata-Pen{\~a}, R. and Anderson, S. M. and Mendoza, B. S. and
Kupchak, I. M.},
booktitle={Advances in Science and Technology},
volume={98},
pages={117-124},
year={2017},
organization={Trans. Tech. Publ.}
}


%%%%%%%%%%%%%%%%%%%%%%%%%%%%%%%%%%%%%%%%%%%%%%%%%%%%%%%%%%%%%%%%%%%%%%%%%%%%
%%%%%%%%%%%%%%%%%%%%%%%%%%%%%%%%%%%%%%%%%%%%%%%%%%%%%%%%%%%%%%%%%%%%%%%%%%%%
%%%%%%%%% BEGIN BOOKS

@book{boyer2011history,
title={A history of mathematics},
author={Boyer, Carl B and Merzbach, Uta C},
year={2011},
publisher={John Wiley \& Sons}
}

@book{planck2013theory,
title={The theory of heat radiation},
author={Planck, M.},
year={2013},
publisher={Courier Corporation}
}

@book{pena2014introducción,
title={Introducci{\'o}n a la mec{\'a}nica cu{\'a}ntica: },
author={de la Pe{\~n}a, L.},
isbn={9786071618795},
series={Ediciones Cient{\'\i}ficas Universitarias},
year={2014},
publisher={Fondo de Cultura Economica}
}

%%%%%%%%% END BOOKS
